@book{l4d,
 author = {Michael Booth},
 title = {The AI Systems of Left 4 Dead},
 year = {2009},
 publisher = {Valve Software},
},